<?xml version="1.0" encoding="UTF-8"?><collection xmlns="http://www.loc.gov/MARC21/slim"><record><leader>00383nam--2200121-i-4500</leader><controlfield tag="001">000019988</controlfield><controlfield tag="002">20161230</controlfield><controlfield tag="005">20161230201033</controlfield><controlfield tag="008">060222s1000------------r-----000-0-eng-d</controlfield><datafield ind1=" " ind2=" " tag="080"><subfield code="a">61:57.02</subfield></datafield><datafield ind1=" " ind2=" " tag="245"><subfield code="a">Enquentes anthropologiques dans trois villages roumains des carpathes.avec 34 planches, dont 20 photographiques</subfield></datafield><datafield ind1=" " ind2=" " tag="260"><subfield code="a">Bucuresti, Imprimeria Centrala, 1937. 78 P</subfield></datafield><datafield ind1=" " ind2=" " tag="852"><subfield code="a">48143</subfield></datafield></record></collection>